%% This BibTeX bibliography file was created using BibDesk.
%% http://bibdesk.sourceforge.net/


%% Created for Flavius Gruian at 2013-02-14 14:42:05 +0100 


%% Saved with string encoding Unicode (UTF-8) 

%%%%%%%%%%%%%%%%%%%%%%%%%%%%%%%%%%%%%%%%%%%%%%%%%%
% //Jens:
% Guidelines for web-sources (misc-fields):
% The fields Author, Title, howPublished are the only fields that are rendered by the latex compiler. Hence no other fields are neccessary except if we need to trace our own sources.
% All webpage-sources shall have a note with the following syntax:
% note = "[Online; accessed DD-MONTH-YYYY]"
% howpublished = {\url{URL}}
%


%EXAMPLE BELOW: 
@misc{citeName,
	Author = {{}},
	Title = {},
	note = "[Online; accessed DD-MONTH-YYYY]",
	howpublished = {\url{URL}},
}
%%%%%%%%%%%%%%%%%%%%%%%%%%%%%%%%%%%%%%%%%%%%%%%%%%

@misc{webServer,
	Author = {{Palcom, Lund University}},
	Title = {Palcom Web Bridge Design Document},
	note = "",
}

@misc{angelfaq,
	Author = {{Angel}},
	Title = {FAQ | Angel open sensor wristband},
	note = "[Online; accessed 24-April-2015]",
	howpublished = {\url{http://www.angelsensor.com/faq/}},
}

@misc{gartner,
	Author = {{Gartner}},
	Title = {Gartner Says in 2015, 50 Percent of People Considering Buying a Smart Wristband Will Choose a Smartwatch Instead},
	note = "[Online; accessed 24-April-2015, published 18-November-2015]",
	howpublished = {\url{http://www.gartner.com/newsroom/id/2913318}},
}

@article{baicker2010workplace,
  title={Workplace wellness programs can generate savings},
  author={Baicker, Katherine and Cutler, David and Song, Zirui},
  journal={Health affairs},
  pages={10--1377},
  year={2010},
  publisher={Health Affairs}
}


@misc{wearable-technology-cannot-be-trusted,
	Author = {{Lee Bell}},
	Title = {Wearable technology cannot be trusted}
	note = "[Online; accessed 22-April-2015, published 27-June-2014]",
	howpublished = {\url{http://www.theinquirer.net/inquirer/opinion/2351619/wearable-technology-cannot-be-trusted}},
}

@misc{tattoo-device,
	Author = {{Ben Furfie}},
	Title = {Tattoo that can convert sweat into electricity unveiled},
	note = "[Online; accessed 22-April-2015, published 14-August-2014]",
	howpublished = {\url{http://www.t3.com/news/tattoo-that-can-convert-sweat-into-electricity-unveiled}},
}

@PhdThesis{svenssonfors2009,
  title = "Assemblies of Pervasive Services",
  author = "David Svensson Fors",
  note = "\url{http://www.ist-palcom.org/publications/files/AssembliesOfPervasiveServices.pdf}",
  institution = "Dept. of Computer Science, Lund University",
  year = "2009",
}

@misc{LifeLogAuth,
	Author = {{Sony}},
	Title = {Authentication | Sony Developer World},
	note = "[Online; accessed 25-JANUARY-2015]",
	howpublished = {\url{URL}},
}

@misc{oauth2spec,
	Author = {{Internet Engineering Task Force (IETF)}},
	Title = {The OAuth 2.0 Authorization Framework},
	note = "[Online; accessed 25-January-2015]",
	howpublished = {\url{https://tools.ietf.org/html/rfc6749}},
}

@misc{SWR10,
	Author = {{Sony}},
	Title = {Activity tracker Android app from Sony},
	note = "[Online; accessed 12-March-2015]",
	howpublished = {\url{http://www.sonymobile.com/global-en/products/smartwear/smartband-swr10/
}},
}

@misc{LifeLogDescr,
	Author = {{Sony}},
	Title = {Lifelog API | Sony Developer World},
	note = "[Online; accessed 12-March-2015]",
	howpublished = {\url{https://developer.sony.com/develop/services/lifelog-api/lifelog-api-overview/}},
}

@misc{GoogleFitTerm,
	Author = {{Google fit}},
	Title = {Terms and Conditions},
	note = "[Online; accessed 04-April-2015Y]",
	howpublished = {\url{https://developers.google.com/fit/terms}},
	Date-Added = {2014-10-28 00:00:00 +0000},
	Date-Modified = {2014-10-28 00:00:00 +0000},
}
    
@misc{GoogleFitOverview,
	Author = {{Google fit}},
	Title = {Platform Overview},
	note = "[Online; accessed 04-April-2015Y]",
	howpublished = {\url{https://developers.google.com/fit/overview}},
	Date-Added = {2014-10-28 00:00:00 +0000},
	Date-Modified = {2014-10-28 00:00:00 +0000},
}
	
@misc{GoogleFitDataTypes,
	Author = {{Google fit}},
	Title = {Fitness Data Types},
	note = "[Online; accessed 04-April-2015Y]",
	howpublished = {\url{https://developers.google.com/fit/android/data-types}},
	Date-Added = {2014-11-13 00:00:00 +0000},
	Date-Modified = {2014-11-13 00:00:00 +0000},
}
	
@misc{AppleHealthKitFramework,
	Author = {{Apple}},
	Title = {The HealthKit Framework},
	note = "[Online; accessed 10-February-2015]",
	howpublished = {\url{https://developer.apple.com/library/ios/documentation/HealthKit/Reference/HealthKit_Framework/index.html#//apple_ref/doc/uid/TP40014707}},
	Date-modified = {2014-12-18 +0000},
}



@misc{up3,
	Author = {{Scott Stein}},
	Title = {Jawbone's new trio of Up2, Up3 and Up4 bands: Fitness tracking, heart rate and mobile payments (hands-on)},
	note = "[Online; accessed 16-April-2015Y]",
	howpublished = {\url{http://www.cnet.com/news/jawbones-new-trio-of-up2-up3-and-up4-bands-hands-on-fitness-tracking-heart-rate-and-even-mobile/}},
	Date-Added = {2015-05-16 00:00:00 +0000},
	Date-Modified = {2015-05-16 00:00:00 +0000},
}

	
@misc{JawboneDeveloper,
	Author = {{Jawbone}},
	Title = {Get started building on UP},
	note = "[Online; accessed 04-April-2015Y]",
	howpublished = {\url{https://jawbone.com/up/developer/}},
	Date-Added = {2015-02-16 00:00:00 +0000},
	Date-Modified = {2015-02-16 00:00:00 +0000},
}

@misc{MSHealthVault,
	Author = {{HealthVault}},
	Title = {HealthVault},
	note = "[Online; accessed 11-February-2015]",
	howpublished = {\url{https://www.healthvault.com/se/en}},
}


@misc{GoogleHealthBlog,
	Author = {{Google Health}},
	Title = {Google Health},
	note = "[Online; accessed 16-February-2015]",
	howpublished = {\url{http://googleblog.blogspot.se/2011/06/update-on-google-health-and-google.html}},
}

@misc{JawboneCustomEndpoint,
	Author = {{Jawbone}},
	Title = {Custom},
	note = "[Online; accessed 04-April-2015Y]",
	howpublished = {\url{https://jawbone.com/up/developer/endpoints/custom}},
	Date-Added = {2015-02-16 00:00:00 +0000},
	Date-Modified = {2015-02-16 00:00:00 +0000},
}

@incollection{pautasso2014restful,
  title={RESTful web services: principles, patterns, emerging technologies},
  author={Pautasso, Cesare},
  booktitle={Web Services Foundations},
  pages={31--51},
  year={2014},
  publisher={Springer}
}

@article{skiba2014connected,
  title={The Connected Age: Digital Tools for Health},
  author={Skiba, Diane J},
  journal={Nursing Education Perspectives},
  volume={35},
  number={6},
  pages={415--417},
  year={2014},
  publisher={National League for Nursing}
}


@inproceedings{guo2013evaluation,
  title={An evaluation of wearable activity monitoring devices},
  author={Guo, Fangfang and Li, Yu and Kankanhalli, Mohan S and Brown, Michael S},
  booktitle={Proceedings of the 1st ACM international workshop on Personal data meets distributed multimedia},
  pages={31--34},
  year={2013},
  organization={ACM}
}

@article{tactio2014,
  title={Tactio Health Groupe},
  author={},
  journal={The Journal of mHealth},
  volume={1},
  number={1},
  pages={14-15},
  year={2014},
  publisher={Semedics limited}
}


@misc{TactioWebsite,
	Author = {{Tactio}},
	Title = {TactioRPMâ„¢ System},
	note = "[Online; accessed 17-April-2015]",
	howpublished = {\url{http://www.tactiosoft.com/tactiorpm/}},
}

@misc{FitbitWellness,
	Author = {{Fitbit}},
	Title = {Fitbit for Corporate Wellness},
	note = "[Online; accessed 21-April-2015]",
	howpublished = {\url{https://www.fitbit.com/content/assets/wellness/FitbitWellness_InfoSheet.pdf}},
	
}

@misc{JawboneWellness,
	Author = {{Jawbone}},
	Title = {UP for Groups | Corporate Wellness by Jawbone},
	note = "[Online; accessed 23-April-2015]",
	howpublished = {\url{https://groups.jawbone.com}},
}

@misc{GarminWellness,
	Author = {{Garmin}},
	Title = {Garmin | Corporate Wellness Solutions},
	note = "[Online; accessed 23-April-2015]",
	howpublished = {\url{https://sites.garmin.com/en-US/wellness/}},
}

 Fitbit(http://www.fitbit.com/uk/fitbit-wellness) and 


@article{callaway2015quantified,
  title={Quantified Wellness},
  author={Callaway, Julianne and Rozar, Tim},
  journal={Research Bulletin},
  year={2015}
}

@misc{SmartCare,
	Author = {{IBM}},
	Title = {Smarter Care},
	note = "[Online; accessed 21-April-2015]",
	howpublished = {\url{http://www.ibm.com/smarterplanet/global/files/se__sv_se__smarter_healthcare_magasin_2014.pdf}},
	
}

@misc{FruitStreet,
	Author = {{Fruit Street Health}},
	Title = {Fruit Street Health Launches New Virtual Lifestyle Medicine Clinic Solution},
	note = "[Online; accessed 22-April-2015]",
	howpublished = {\url{http://www.reuters.com/article/2015/01/06/ca-fruitstreet-launch-idUSnPn3h2cBX+83+PRN20150106}},
}

@misc{FruitStreetVideo,
	Author = {{Laurence Girard}},
	Title = {Fruit Street Virtual Wellness Clinic Demo},
	note = "[Online; accessed 22-April-2015]",
	howpublished = {\url{https://www.youtube.com/watch?v=IAIRtOd6tRM}},
}

@book{osmani2013developing,
  title={Developing Backbone. js Applications},
  author={Osmani, Addy},
  year={2013},
  publisher={" O'Reilly Media, Inc."}
}

@book{kuan2012learning,
  title={Learning Highcharts},
  author={Kuan, Joseph},
  year={2012},
  publisher={Packt Publishing Ltd}
}


@misc{vivohub,
	Author = {{Garmin}},
	Title = {vivohub},
	note = "[Online; accessed 06-May-2015]",
	howpublished = {\url{https://buy.garmin.com/en-US/US/shop-by-accessories/other/vivohub-/prod160901.html}},
}


@misc{fitbitWellnessStat,
	Author = {{Leanna K}},
	Title = {Spreading the Fitbit Love to the Workplace},
	note = "[Online; accessed 06-May-2015]",
	howpublished = {\url{http://blog.fitbit.com/spreading-the-fitbit-love-to-the-workplace/#i.18qhbt4seed9lu}},
}


@misc{jawboneWellnessStat,
	Author = {{Leslie Williams}},
	Title = {ARIANNA HUFFINGTON JOINS JAWBONE AS ADVISOR},
	note = "[Online; accessed 06-May-2015]",
	howpublished = {\url{https://jawbone.com/blog/arianna-huffington/}},
}


@misc{garminWellnessStat,
	Author = {{Garmin}},
	Title = {Garmin Announces the Garmin Connect Wellness Portal},
	note = "[Online; accessed 06-May-2015]",
	howpublished = {\url{http://garmin.blogs.com/my_weblog/2015/01/garmin-announces-the-garmin-connect-wellness-portal-.html#.VUZhWfntlBc}},
}




@misc{NKDEPBASICS,
	Author = {{The kidney foundation of canada}},
	Title = {Facing the Facts},
	note = "[Online; accessed 06-May-2015]",
	howpublished = {\url{http://www.kidney.ca/facing-the-facts}},
}

@misc{KIDNEYFOUNDATION,
	Author = {{National kidney foundation}},
	Title = {ABOUT CHRONIC KIDNEY DISEASE},
	note = "[Online; accessed 06-May-2015]",
	howpublished = {\url{https://www.kidney.org/kidneydisease/aboutckd}},
}

@misc{NKDEPPROG,
	Author = {{NKDEP}},
	Title = {Slow Progression and Reduce Complications},
	note = "[Online; accessed 06-May-2015]",
	howpublished = {\url{http://nkdep.nih.gov/identify-manage/manage-patients/slow-progression.shtml}},
}


@misc{DIALYSIS,
	Author = {{Cecilia Sundqvist}},
	Title = {Ã–versikt , Dialys, peritonealdialys},
	note = "[Online; accessed 06-May-2015]",
	howpublished = {\url{http://www.vardhandboken.se/Texter/Dialys-peritonealdialys/Oversikt/}},
}

@misc{CNET,
	Author = {{Sharon Profis}},
	Title = {Do wristband heart trackers actually work? A checkup.},
	note = "[Online; accessed 06-May-2015]",
	howpublished = {\url{http://www.cnet.com/news/how-accurate-are-wristband-heart-rate-monitors/}},
}


@misc{moment,
	Author = {{Moment}},
	Title = {Moment.js},
	note = "[Online; accessed 10-May-2015]",
	howpublished = {\url{http://momentjs.com/}},
}

@misc{sr,
	Author = {{P4 Stockholm}},
	Title = {Pengar att spara pÃ¥ sjÃ¤lvdialys},
	note = "[Online; accessed 21-May-2015]",
	howpublished = {\url{http://sverigesradio.se/sida/artikel.aspx?programid=103&artikel=1270709}},
}

@article{nielsen1999user,
  title={User interface directions for the web},
  author={Nielsen, Jakob},
  journal={Communications of the ACM},
  volume={42},
  number={1},
  pages={65--72},
  year={1999},
  publisher={ACM}
}

@inproceedings{svensson2009ad,
  title={Ad-hoc composition of pervasive services in the PalCom architecture},
  author={Svensson Fors, David and Magnusson, Boris and Gesteg{\aa}rd Robertz, Sven and Hedin, G{\"o}rel and Nilsson-Nyman, Emma},
  booktitle={Proceedings of the 2009 international conference on Pervasive services},
  pages={83--92},
  year={2009},
  organization={ACM}
}

@article{sandholm2012palcom,
  title={The Palcom Device Web Bridge},
  author={Sandholm, Thomas and Magnusson, Boris and Johnsson, BjÃ¶rn A},
  journal={Technical report, LU-CS-TR: 2012-251},
  year={2012},
  publisher={Departement of Computer Science, Lund University}
}